<?xml version="1.0" encoding="UTF-8"?><record xmlns="http://www.loc.gov/MARC21/slim" xmlns:cinclude="http://apache.org/cocoon/include/1.0" xmlns:zs="http://www.loc.gov/zing/srw/">
  <leader>00309nz  a2200121n  4500</leader>
  <controlfield tag="001">no 94017046 </controlfield>
  <controlfield tag="003">DLC</controlfield>
  <controlfield tag="005">19940520160449.3</controlfield>
  <controlfield tag="008">940519n| acannaab|          |n aaa     c</controlfield>
  <datafield tag="010" ind1=" " ind2=" ">
    <subfield code="a">no 94017046 </subfield>
  </datafield>
  <datafield tag="040" ind1=" " ind2=" ">
    <subfield code="a">DJBF</subfield>
    <subfield code="c">DJBF</subfield>
  </datafield>
  <datafield tag="100" ind1="1" ind2="0">
    <subfield code="a">CarcĚ§ani, P.</subfield>
  </datafield>
  <datafield tag="670" ind1=" " ind2=" ">
    <subfield code="a">Forest and forest products ... 1994:</subfield>
    <subfield code="b">t.p. (P. CarcĚ§ani)</subfield>
  </datafield>
</record>